@online{overleaf,
title = {documentation en ligne},
URL = {https://www.overleaf.com/learn/}
}

